@article{letouze2014official,
  title={Official statistics, big data and human development: towards a new conceptual and operational approach},
  author={Letouz{\'e}, Emmanuel and J{\"u}tting, Johannes},
  journal={Data Pop Alliance and PARIS21},
  year={2014}
}
@article{groves2016big,
	title={The'big data'revolution in healthcare: Accelerating value and innovation},
	author={Groves, Peter and Kayyali, Basel and Knott, David and Kuiken, Steve Van},
	year={2016},
	publisher={Center for US Health System Reform Business Technology Office}
}
@inproceedings{nothaft2015rethinking,
	title={Rethinking data-intensive science using scalable analytics systems},
	author={Nothaft, Frank Austin and Massie, Matt and Danford, Timothy and Zhang, Zhao and Laserson, Uri and Yeksigian, Carl and Kottalam, Jey and Ahuja, Arun and Hammerbacher, Jeff and Linderman, Michael and others},
	booktitle={Proceedings of the 2015 ACM SIGMOD International Conference on Management of Data},
	pages={631--646},
	year={2015},
	organization={ACM}
}
@inproceedings{bronson2015open,
	title={Open data challenges at facebook},
	author={Bronson, Nathan and Lento, Thomas and Wiener, Janet L},
	booktitle={Data Engineering (ICDE), 2015 IEEE 31st International Conference on},
	pages={1516--1519},
	year={2015},
	organization={IEEE}
}
@inproceedings{sumbaly2013big,
	title={The big data ecosystem at linkedin},
	author={Sumbaly, Roshan and Kreps, Jay and Shah, Sam},
	booktitle={Proceedings of the 2013 ACM SIGMOD International Conference on Management of Data},
	pages={1125--1134},
	year={2013},
	organization={ACM}
}
@inproceedings{chen2016realtime,
	title={Realtime data processing at facebook},
	author={Chen, Guoqiang Jerry and Wiener, Janet L and Iyer, Shridhar and Jaiswal, Anshul and Lei, Ran and Simha, Nikhil and Wang, Wei and Wilfong, Kevin and Williamson, Tim and Yilmaz, Serhat},
	booktitle={Proceedings of the 2016 International Conference on Management of Data},
	pages={1087--1098},
	year={2016},
	organization={ACM}
}
@article{kim2014big,
	title={Big-data applications in the government sector},
	author={Kim, Gang-Hoon and Trimi, Silvana and Chung, Ji-Hyong},
	journal={Communications of the ACM},
	volume={57},
	number={3},
	pages={78--85},
	year={2014},
	publisher={ACM}
}
@inproceedings{saha2014data,
	title={Data quality: The other face of big data},
	author={Saha, Barna and Srivastava, Divesh},
	booktitle={Data Engineering (ICDE), 2014 IEEE 30th International Conference on},
	pages={1294--1297},
	year={2014},
	organization={IEEE}
}
@article{rassam2014adaptive,
	title={Adaptive and online data anomaly detection for wireless sensor systems},
	author={Rassam, Murad A and Maarof, Mohd Aizaini and Zainal, Anazida},
	journal={Knowledge-Based Systems},
	volume={60},
	pages={44--57},
	year={2014},
	publisher={Elsevier}
}
@inproceedings{herodotou2014scalable,
	title={Scalable near real-time failure localization of data center networks},
	author={Herodotou, Herodotos and Ding, Bolin and Balakrishnan, Shobana and Outhred, Geoff and Fitter, Percy},
	booktitle={Proceedings of the 20th ACM SIGKDD international conference on Knowledge discovery and data mining},
	pages={1689--1698},
	year={2014},
	organization={ACM}
}
@online{humanError,
	author = {TowerData},
	title = {4 Steps to Eliminating Human Error in Big Data},
	year = 2013,
	url = {http://www.towerdata.com/blog/bid/113787/4-Steps-to-Eliminating-Human-Error-in-Big-Data},
	urldate = {2017-6-30}
}
@online{bigDataStatistics,
	title = {Big Data Statistics And Facts for 2017},
	year = 2017,
	url = {https://www.waterfordtechnologies.com/big-data-interesting-facts/}
}
@online{dataManipulation,
	title = {Is Data Manipulation the Next Step in Cyber Crime},
	url = {https://www.cloudmask.com/blog/is-data-manipulation-the-next-step-in-cybercrime}
}
@inproceedings{schuster2015vc3,
	title={VC3: Trustworthy data analytics in the cloud using SGX},
	author={Schuster, Felix and Costa, Manuel and Fournet, C{\'e}dric and Gkantsidis, Christos and Peinado, Marcus and Mainar-Ruiz, Gloria and Russinovich, Mark},
	booktitle={Security and Privacy (SP), 2015 IEEE Symposium on},
	pages={38--54},
	year={2015},
	organization={IEEE}
}
@inproceedings{sharif2015current,
	title={Current security threats and prevention measures relating to cloud services, Hadoop concurrent processing, and big data},
	author={Sharif, Ather and Cooney, Sarah and Gong, Shengqi and Vitek, Drew},
	booktitle={Big Data (Big Data), 2015 IEEE International Conference on},
	pages={1865--1870},
	year={2015},
	organization={IEEE}
}
@inproceedings{terzi2015survey,
	title={A survey on security and privacy issues in big data},
	author={Terzi, Duygu Sinanc and Terzi, Ramazan and Sagiroglu, Seref},
	booktitle={Internet Technology and Secured Transactions (ICITST), 2015 10th International Conference for},
	pages={202--207},
	year={2015},
	organization={IEEE}
}
@inproceedings{jam2014survey,
	title={A survey on security of Hadoop},
	author={Jam, Masoumeh Rezaei and Khanli, Leili Mohammad and Javan, Morteza Sargolzaei and Akbari, Mohammad Kazem},
	booktitle={Computer and Knowledge Engineering (ICCKE), 2014 4th International eConference on},
	pages={716--721},
	year={2014},
	organization={IEEE}
}
@article{sharma2014securing,
	title={Securing big data hadoop: a review of security issues, threats and solution},
	author={Sharma, Priya P and Navdeti, Chandrakant P},
	journal={Int. J. Comput. Sci. Inf. Technol},
	volume={5},
	number={2},
	pages={2126--2131},
	year={2014}
}
@inproceedings{huang2014denial,
	title={Denial-of-service threat to Hadoop/YARN clusters with multi-tenancy},
	author={Huang, Jingwei and Nicol, David M and Campbell, Roy H},
	booktitle={Big Data (BigData Congress), 2014 IEEE International Congress on},
	pages={48--55},
	year={2014},
	organization={IEEE}
}
@inproceedings{zheng2017towards,
	title={Towards Improving Data Validity of Cyber-Physical Systems through Path Redundancy},
	author={Zheng, Zhiyuan and Reddy, AL},
	booktitle={Proceedings of the 3rd ACM Workshop on Cyber-Physical System Security},
	pages={91--102},
	year={2017},
	organization={ACM}
}
@inproceedings{sikdar2017spatio,
	title={Spatio-Temporal Correlations in Cyber-Physical Systems: A Defense Against Data Availability Attacks},
	author={Sikdar, Biplab},
	booktitle={Proceedings of the 3rd ACM Workshop on Cyber-Physical System Security},
	pages={103--110},
	year={2017},
	organization={ACM}
}
@inproceedings{xu2016high,
	title={High fidelity data reduction for big data security dependency analyses},
	author={Xu, Zhang and Wu, Zhenyu and Li, Zhichun and Jee, Kangkook and Rhee, Junghwan and Xiao, Xusheng and Xu, Fengyuan and Wang, Haining and Jiang, Guofei},
	booktitle={Proceedings of the 2016 ACM SIGSAC Conference on Computer and Communications Security},
	pages={504--516},
	year={2016},
	organization={ACM}
}
@inproceedings{yu2015enhancing,
	title={Enhancing security of Hadoop in a public cloud},
	author={Yu, Xianqing and Ning, Peng and Vouk, Mladen A},
	booktitle={Information and Communication Systems (ICICS), 2015 6th International Conference on},
	pages={38--43},
	year={2015},
	organization={IEEE}
}
@article{cohen2014towards,
	title={Towards a trusted HDFS storage platform: Mitigating threats to Hadoop infrastructures using hardware-accelerated encryption with TPM-rooted key protection},
	author={Cohen, Jason C and Acharya, Subrata},
	journal={Journal of Information Security and Applications},
	volume={19},
	number={3},
	pages={224--244},
	year={2014},
	publisher={Elsevier}
}